
@article{Reglamento_General,
	title = {pdf: Reglamento General de la Ley del Seguro Social},
	author = {Reglamento IHSS},
	year = {2005},
	date = {2005},
	url = {https://www.ilo.org/dyn/travail/docs/930/Reglamento%20General%20de%20la%20%20Ley%20del%20IHSS.pdf}

}
@article{Artículo_55A,
	title = {pdf: Ley del Seguro Social Art. 55-A},
	author = {,IHSS},
	year = {2001},
	date = {2001},
	url = {https://honduras.eregulations.org/media/ley_del_seguro_social.pdf}
}

@article{Tabla_Salario,
	title = {pdf: Tabla de Salario Mínimo },
	author = {,Camara de Comercio e Industrias de Cortes},
	year = {2021},
	date = {2021},
	url = {https://www.ccichonduras.org/spanish/comunicados/2021/Junio/TABLA%20AJUSTE%20SALARIO%20MINIMO.pdf}
}
